@article{blinn1976texture,
	title={Texture and reflection in computer generated images},
	author={Blinn, James F and Newell, Martin E},
	journal={Communications of the ACM},
	volume={19},
	number={10},
	pages={542--547},
	year={1976},
	publisher={ACM New York, NY, USA}
}